<record><leader>00000cas a22000007a 4500</leader><controlfield tag="001">11777210</controlfield><controlfield tag="008">850307d183u183uinuwr ne      0    0eng d</controlfield><datafield ind1=" " ind2=" " tag="010"><subfield code="a">sn 85054338 </subfield></datafield><datafield ind1=" " ind2=" " tag="040"><subfield code="a">NYG</subfield><subfield code="b">eng</subfield><subfield code="c">NYG</subfield><subfield code="d">NPI</subfield><subfield code="d">OCLCQ</subfield></datafield><datafield ind1=" " ind2=" " tag="042"><subfield code="a">msc</subfield></datafield><datafield ind1="0" ind2="0" tag="245"><subfield code="a">Indiana sentinel, and working man's advocate.</subfield></datafield><datafield ind1="1" ind2="3" tag="246"><subfield code="a">Indiana sentinel</subfield></datafield><datafield ind1=" " ind2=" " tag="260"><subfield code="a">Connersville, Ind. :</subfield><subfield code="b">M.R. Hull</subfield></datafield><datafield ind1=" " ind2=" " tag="300"><subfield code="a">v. ;</subfield><subfield code="c">50 cm.</subfield></datafield><datafield ind1=" " ind2=" " tag="310"><subfield code="a">Weekly</subfield></datafield><datafield ind1=" " ind2=" " tag="588"><subfield code="a">Description based on: (Oct. 12, 1833) = whole no. 72.</subfield></datafield><datafield ind1=" " ind2=" " tag="752"><subfield code="a">United States</subfield><subfield code="b">Indiana</subfield><subfield code="c">Fayette</subfield><subfield code="d">Connersville.</subfield></datafield><datafield ind1="0" ind2="0" tag="780"><subfield code="t">Indiana sentinel (Connersville, Ind. : 1832)</subfield><subfield code="w">(DLC)sn 85048230</subfield></datafield><datafield ind1="0" ind2="0" tag="785"><subfield code="t">Indiana sentinel (Connersville, Ind. : 1834)</subfield><subfield code="w">(DLC)sn 85048231</subfield></datafield></record>